%YAML 1.1
%TAG !u! tag:unity3d.com,2011:
--- !u!1 &9176669494841779323
GameObject:
  m_ObjectHideFlags: 0
  m_CorrespondingSourceObject: {fileID: 0}
  m_PrefabInstance: {fileID: 0}
  m_PrefabAsset: {fileID: 0}
  serializedVersion: 6
  m_Component:
  - component: {fileID: 9176669494841779321}
  - component: {fileID: 9176669494841779320}
  - component: {fileID: 9176669494841779324}
  - component: {fileID: 9176669494841779325}
  m_Layer: 0
  m_Name: FloorManager2
  m_TagString: PlayerBlockade
  m_Icon: {fileID: 0}
  m_NavMeshLayer: 0
  m_StaticEditorFlags: 0
  m_IsActive: 1
--- !u!4 &9176669494841779321
Transform:
  m_ObjectHideFlags: 0
  m_CorrespondingSourceObject: {fileID: 0}
  m_PrefabInstance: {fileID: 0}
  m_PrefabAsset: {fileID: 0}
  m_GameObject: {fileID: 9176669494841779323}
  m_LocalRotation: {x: 0, y: 0, z: 0, w: 1}
  m_LocalPosition: {x: -3.4481707, y: 7.2092314, z: -7.7890882}
  m_LocalScale: {x: 1, y: 1, z: 1}
  m_Children:
  - {fileID: 6434953156866353742}
  m_Father: {fileID: 0}
  m_RootOrder: 0
  m_LocalEulerAnglesHint: {x: 0, y: 0, z: 0}
--- !u!114 &9176669494841779320
MonoBehaviour:
  m_ObjectHideFlags: 0
  m_CorrespondingSourceObject: {fileID: 0}
  m_PrefabInstance: {fileID: 0}
  m_PrefabAsset: {fileID: 0}
  m_GameObject: {fileID: 9176669494841779323}
  m_Enabled: 1
  m_EditorHideFlags: 0
  m_Script: {fileID: 11500000, guid: f6cde98980e119d4eb56aae6d8b5520d, type: 3}
  m_Name: 
  m_EditorClassIdentifier: 
  forwardFloorCount: 10
  FloorMoveSpeed: 50
  FloorOBJ: {fileID: 5254512893355279147, guid: 582ef74660223ef49993cdbae1871485,
    type: 3}
  Floor1: {fileID: 7549284832670881350, guid: 07990ba2f4e21e245943c0edac13d204, type: 3}
  Floor2: {fileID: 9004525032122813091, guid: c3f8efcf154d05a4ca42ab6af4af6e43, type: 3}
  Floor3: {fileID: 7312829913246839944, guid: c8e2f5fbe81bed64aa3128224a36209e, type: 3}
--- !u!65 &9176669494841779324
BoxCollider:
  m_ObjectHideFlags: 0
  m_CorrespondingSourceObject: {fileID: 0}
  m_PrefabInstance: {fileID: 0}
  m_PrefabAsset: {fileID: 0}
  m_GameObject: {fileID: 9176669494841779323}
  m_Material: {fileID: 13400000, guid: e81345984e8aa904395308e5b8cbae67, type: 2}
  m_IsTrigger: 0
  m_Enabled: 1
  serializedVersion: 2
  m_Size: {x: 50, y: 10, z: 1}
  m_Center: {x: 0, y: 5, z: 20}
--- !u!65 &9176669494841779325
BoxCollider:
  m_ObjectHideFlags: 0
  m_CorrespondingSourceObject: {fileID: 0}
  m_PrefabInstance: {fileID: 0}
  m_PrefabAsset: {fileID: 0}
  m_GameObject: {fileID: 9176669494841779323}
  m_Material: {fileID: 13400000, guid: e81345984e8aa904395308e5b8cbae67, type: 2}
  m_IsTrigger: 0
  m_Enabled: 1
  serializedVersion: 2
  m_Size: {x: 50, y: 10, z: 1}
  m_Center: {x: 0, y: 5, z: -20}
--- !u!1001 &4337511535936118466
PrefabInstance:
  m_ObjectHideFlags: 0
  serializedVersion: 2
  m_Modification:
    m_TransformParent: {fileID: 9176669494841779321}
    m_Modifications:
    - target: {fileID: 7312829913246839944, guid: c8e2f5fbe81bed64aa3128224a36209e,
        type: 3}
      propertyPath: m_Name
      value: RoadPlane3CODE
      objectReference: {fileID: 0}
    - target: {fileID: 7312829913246839948, guid: c8e2f5fbe81bed64aa3128224a36209e,
        type: 3}
      propertyPath: m_LocalPosition.x
      value: 0
      objectReference: {fileID: 0}
    - target: {fileID: 7312829913246839948, guid: c8e2f5fbe81bed64aa3128224a36209e,
        type: 3}
      propertyPath: m_LocalPosition.y
      value: 0
      objectReference: {fileID: 0}
    - target: {fileID: 7312829913246839948, guid: c8e2f5fbe81bed64aa3128224a36209e,
        type: 3}
      propertyPath: m_LocalPosition.z
      value: 0
      objectReference: {fileID: 0}
    - target: {fileID: 7312829913246839948, guid: c8e2f5fbe81bed64aa3128224a36209e,
        type: 3}
      propertyPath: m_LocalRotation.x
      value: -0
      objectReference: {fileID: 0}
    - target: {fileID: 7312829913246839948, guid: c8e2f5fbe81bed64aa3128224a36209e,
        type: 3}
      propertyPath: m_LocalRotation.y
      value: -0
      objectReference: {fileID: 0}
    - target: {fileID: 7312829913246839948, guid: c8e2f5fbe81bed64aa3128224a36209e,
        type: 3}
      propertyPath: m_LocalRotation.z
      value: -0
      objectReference: {fileID: 0}
    - target: {fileID: 7312829913246839948, guid: c8e2f5fbe81bed64aa3128224a36209e,
        type: 3}
      propertyPath: m_LocalRotation.w
      value: 1
      objectReference: {fileID: 0}
    - target: {fileID: 7312829913246839948, guid: c8e2f5fbe81bed64aa3128224a36209e,
        type: 3}
      propertyPath: m_RootOrder
      value: 0
      objectReference: {fileID: 0}
    - target: {fileID: 7312829913246839948, guid: c8e2f5fbe81bed64aa3128224a36209e,
        type: 3}
      propertyPath: m_LocalEulerAnglesHint.x
      value: 0
      objectReference: {fileID: 0}
    - target: {fileID: 7312829913246839948, guid: c8e2f5fbe81bed64aa3128224a36209e,
        type: 3}
      propertyPath: m_LocalEulerAnglesHint.y
      value: 0
      objectReference: {fileID: 0}
    - target: {fileID: 7312829913246839948, guid: c8e2f5fbe81bed64aa3128224a36209e,
        type: 3}
      propertyPath: m_LocalEulerAnglesHint.z
      value: 0
      objectReference: {fileID: 0}
    m_RemovedComponents: []
  m_SourcePrefab: {fileID: 100100000, guid: c8e2f5fbe81bed64aa3128224a36209e, type: 3}
--- !u!4 &6434953156866353742 stripped
Transform:
  m_CorrespondingSourceObject: {fileID: 7312829913246839948, guid: c8e2f5fbe81bed64aa3128224a36209e,
    type: 3}
  m_PrefabInstance: {fileID: 4337511535936118466}
  m_PrefabAsset: {fileID: 0}
